@inproceedings{Fei:2015,
    title = "Social Media Text Classification under Negative Covariate Shift",
    author = "Fei, Geli  and
      Liu, Bing",
    booktitle = "Proceedings of the 2015 Conference on Empirical Methods in Natural Language Processing",
    month = sep,
    year = "2015",
    address = "Lisbon, Portugal",
    publisher = "Association for Computational Linguistics",
    url = "https://www.aclweb.org/anthology/D15-1282",
    doi = "10.18653/v1/D15-1282",
    pages = "2347--2356",
}

@InProceedings{Hsieh:2019,
    title =  {Classification from Positive, Unlabeled and Biased Negative Data},
    author =  {Hsieh, Yu-Guan and Niu, Gang and Sugiyama, Masashi},
    booktitle =  {Proceedings of the 36th International Conference on Machine Learning},
    pages =  {2820--2829},
    year =   {2019},
    editor =  {Chaudhuri, Kamalika and Salakhutdinov, Ruslan},
    volume =  {97},
    series =  {Proceedings of Machine Learning Research},
    address =   {Long Beach, California, USA},
    month =  {09--15 Jun},
    publisher =  {PMLR},
}

@article{Kiryo:2017,
  author    = {Ryuichi Kiryo and
               Gang Niu and
               Marthinus Christoffel du Plessis and
               Masashi Sugiyama},
  title     = {Positive-Unlabeled Learning with Non-Negative Risk Estimator},
  journal   = {CoRR},
  volume    = {abs/1703.00593},
  year      = {2017},
  url       = {http://arxiv.org/abs/1703.00593},
  archivePrefix = {arXiv},
  eprint    = {1703.00593},
  timestamp = {Mon, 13 Aug 2018 16:48:02 +0200},
  biburl    = {https://dblp.org/rec/bib/journals/corr/KiryoNPS17},
  bibsource = {dblp computer science bibliography, https://dblp.org}
}

@inproceedings{Li:2010,
    author = {Li, Xiao-Li and Liu, Bing and Ng, See-Kiong},
    title = {Negative Training Data Can Be Harmful to Text Classification},
    booktitle = {Proceedings of the 2010 Conference on Empirical Methods in Natural Language Processing},
    series = {EMNLP '10},
    year = {2010},
    location = {Cambridge, Massachusetts},
    pages = {218--228},
    numpages = {11},
    url = {http://dl.acm.org/citation.cfm?id=1870658.1870680},
    acmid = {1870680},
    publisher = {Association for Computational Linguistics},
    address = {Stroudsburg, PA, USA},
}
